Automatically generated by Mendeley 1.6
Any changes to this file will be lost if it is regenerated by Mendeley.

@article{Lu1999,
annote = {EDF: "Earliest deadline first"},
author = {Lu, C. and Stankovic, J.a. and Tao, G. and Son, S.H.},
doi = {10.1109/REAL.1999.818828},
file = {:Users/sam/Documents/Mendeley Desktop/Lu et al. - 1999 - Design and evaluation of a feedback control EDF scheduling algorithm.pdf:pdf},
isbn = {0-7695-0475-2},
journal = {Proceedings 20th IEEE Real-Time Systems Symposium},
keywords = {3a},
mendeley-tags = {3a},
pages = {56--67},
publisher = {IEEE Comput. Soc},
title = {{Design and evaluation of a feedback control EDF scheduling algorithm}},
url = {http://ieeexplore.ieee.org/lpdocs/epic03/wrapper.htm?arnumber=818828},
year = {1999}
}
@article{Abdelzaher1998,
author = {Abdelzaher, T. and Shin, K.G.},
doi = {10.1109/RTTAS.1998.683195},
file = {:Users/sam/Documents/Mendeley Desktop/Abdelzaher, Shin - 1998 - End-host architecture for QoS-adaptive communication.pdf:pdf},
isbn = {0-8186-8569-7},
journal = {Proceedings. Fourth IEEE Real-Time Technology and Applications Symposium},
keywords = {2b},
mendeley-tags = {2b},
pages = {121--130},
publisher = {IEEE Comput. Soc},
title = {{End-host architecture for QoS-adaptive communication}},
url = {http://ieeexplore.ieee.org/lpdocs/epic03/wrapper.htm?arnumber=683195},
year = {1998}
}
@misc{TheMendeleySupportTeam2011a,
abstract = {A quick introduction to Mendeley. Learn how Mendeley creates your personal digital library, how to organize and annotate documents, how to collaborate and share with colleagues, and how to generate citations and bibliographies.},
address = {London},
author = {{The Mendeley Support Team}},
booktitle = {Mendeley Desktop},
file = {:Users/sam/Documents/Mendeley Desktop/The Mendeley Support Team - 2011 - Getting Started with Mendeley.pdf:pdf},
keywords = {Mendeley,how-to,user manual},
pages = {1--16},
publisher = {Mendeley Ltd.},
title = {{Getting Started with Mendeley}},
url = {http://www.mendeley.com},
year = {2011}
}
@article{Boots2012,
abstract = {A case of severe sepsis with multi-organ failure needing complex support was deemed too ill for transfer to a major centre. Telemedicine allowed direct patient review, collaborative advice and collegial support with maintained healthcare standards while avoiding long distance transfer from his home and family.},
author = {Boots, Rj and Singh, Sj and Lipman, J},
issn = {0310-057X},
journal = {Anaesthesia and intensive care},
month = sep,
number = {5},
pages = {871--4},
pmid = {22934873},
title = {{The tyranny of distance: telemedicine for the critically ill in rural Australia.}},
url = {http://www.ncbi.nlm.nih.gov/pubmed/22934873},
volume = {40},
year = {2012}
}
@article{Steere1999,
author = {Steere, David C and Goel, Ashvin and Gruenberg, Joshua and Mcnamee, Dylan and Pu, Calton and Walpole, Jonathan},
file = {:Users/sam/Documents/Mendeley Desktop/Steere et al. - 1999 - A Feedback-driven Proportion Allocator for Real-Rate Scheduling A Feedback-driven Proportion Allocator for Real-Rate Scheduling.pdf:pdf},
keywords = {3b},
mendeley-tags = {3b},
title = {{A Feedback-driven Proportion Allocator for Real-Rate Scheduling A Feedback-driven Proportion Allocator for Real-Rate Scheduling}},
year = {1999}
}
@article{Roine2001,
abstract = {To clarify the current status of telemedicine, we carried out a systematic review of the literature. We identified controlled assessment studies of telemedicine that reported patient outcomes, administrative changes or economic assessments and assessed the quality of that literature.},
author = {Roine, R and Ohinmaa, A and Hailey, D},
file = {:Users/sam/Documents/Mendeley Desktop/Roine, Ohinmaa, Hailey - 2001 - Assessing telemedicine a systematic review of the literature.pdf:pdf},
issn = {0820-3946},
journal = {CMAJ : Canadian Medical Association journal},
keywords = {Cost-Benefit Analysis,Humans,Outcome Assessment (Health Care),Telemedicine},
language = {en},
month = sep,
number = {6},
pages = {765--71},
pmid = {11584564},
publisher = {Canadian Medical Association},
title = {{Assessing telemedicine: a systematic review of the literature.}},
url = {http://www.cmaj.ca/content/165/6/765.full},
volume = {165},
year = {2001}
}
