Automatically generated by Mendeley 1.7
Any changes to this file will be lost if it is regenerated by Mendeley.

@article{Winter2002,
author = {Winter, S},
file = {:Users/sam/Documents/Mendeley Desktop/Winter - 2002 - Modeling costs of turns in route planning.pdf:pdf},
journal = {GeoInformatica},
title = {{Modeling costs of turns in route planning}},
url = {http://www.springerlink.com/index/P505V60N26P78266.pdf},
year = {2002}
}
@article{Lee2007,
author = {Lee, O},
title = {{Utilizing knowledge evolution in intelligent transport systems.}},
url = {http://www.freepatentsonline.com/article/Journal-Academy-Business-Economics/172010697.html},
year = {2007}
}
@article{Caldwell1961,
author = {Caldwell, Tom},
doi = {10.1145/366105.366184},
issn = {00010782},
journal = {Communications of the ACM},
month = feb,
number = {2},
pages = {107--108},
title = {{On finding minimum routes in a network with turn penalties}},
url = {http://dl.acm.org/citation.cfm?id=366105.366184},
volume = {4},
year = {1961}
}
