@misc{BIPM:EN,
  note = {\url{http://www.bipm.org/en/si/}},
}

@misc{BIPM:FR,
  note = {\url{http://www.bipm.org/fr/si/}},
}

@misc{BIPM:PDF,
  note = {\url{http://www.bipm.org/en/si/si_brochure/}},
}

@misc{Eijkhout,
  author =       {Victor Eijkhout},
  note =         {\url{http://www.eijkhout.net/tbt/}},
  title =        {{\TeX} by {T}opic},
  year =         {2007},
}

@misc{fancyunits,
  author = {Heiko Bauke},
  note = {\url{http://www.mpi-hd.mpg.de/personalhomes/bauke/LaTeX/Tips_und_Tricks/fancyunits/index.php}},
  title = {\pkg{fancyunits}},
  year = 2007,
}

@misc{IUPAC,
  note = {\url{http://old.iupac.org/publications/books/gbook/green_book_2ed.pdf}},
  title = {The \textsc{iupac} {G}reen {B}ook},
  year = 1993,
}

@misc{NIST,
  note = {\url{http://physics.nist.gov/cuu/Units/index.html}},
}
